<record><leader>00000cas a22000007a 4500</leader><controlfield tag="001">9315263</controlfield><controlfield tag="008">830316d18301835mauwr ne      0    0eng d</controlfield><controlfield tag="009">3768</controlfield><datafield ind1=" " ind2=" " tag="010"><subfield code="a">sn 83020313 </subfield></datafield><datafield ind1=" " ind2=" " tag="040"><subfield code="a">NPX</subfield><subfield code="b">eng</subfield><subfield code="c">NPX</subfield><subfield code="d">DLC</subfield><subfield code="d">YOX</subfield><subfield code="d">MGN</subfield><subfield code="d">KRTAS</subfield></datafield><datafield ind1="1" ind2=" " tag="029"><subfield code="a">AU@</subfield><subfield code="b">000025790261</subfield></datafield><datafield ind1=" " ind2=" " tag="042"><subfield code="a">msc</subfield></datafield><datafield ind1=" " ind2=" " tag="043"><subfield code="a">n-us-ma</subfield></datafield><datafield ind1="0" ind2="0" tag="050"><subfield code="a">Newspaper 8160-X</subfield></datafield><datafield ind1="0" ind2="0" tag="245"><subfield code="a">Dedham patriot, and farmer's, mechanic's and manufacturer's advocate.</subfield></datafield><datafield ind1="0" ind2="7" tag="246"><subfield code="a">Dedham patriot</subfield></datafield><datafield ind1=" " ind2=" " tag="260"><subfield code="a">Dedham, Mass. :</subfield><subfield code="b">H. &amp; W.H. Mann,</subfield><subfield code="c">1830-1835.</subfield></datafield><datafield ind1=" " ind2=" " tag="300"><subfield code="a">5 v. ;</subfield><subfield code="c">59 cm.</subfield></datafield><datafield ind1=" " ind2=" " tag="310"><subfield code="a">Weekly</subfield></datafield><datafield ind1="0" ind2=" " tag="362"><subfield code="a">Vol. 1, no. 1 (Dec. 31, 1830)-v. 5, no. 52 (Dec. 17, 1835).</subfield></datafield><datafield ind1=" " ind2=" " tag="500"><subfield code="a">"We shall not attach ourselves as partisans to the ranks of any political party."</subfield></datafield><datafield ind1=" " ind2=" " tag="500"><subfield code="a">Publishers: Herman Mann, Jr. &amp; John B. Tolman, 1831; Herman Mann, Jr., 1831-1833; Herman Mann, 1833-1835.</subfield></datafield><datafield ind1=" " ind2=" " tag="500"><subfield code="a">Editors: John Daggett, &lt;1831&gt;; Herman Mann, &lt;1835&gt;.</subfield></datafield><datafield ind1=" " ind2=" " tag="525"><subfield code="a">Supplements accompany some issues.</subfield></datafield><datafield ind1="1" ind2=" " tag="700"><subfield code="a">Daggett, John.</subfield></datafield><datafield ind1="1" ind2=" " tag="700"><subfield code="a">Mann, Herman.</subfield></datafield><datafield ind1=" " ind2=" " tag="752"><subfield code="a">United States</subfield><subfield code="b">Massachusetts</subfield><subfield code="c">Norfolk</subfield><subfield code="d">Dedham.</subfield></datafield><datafield ind1="0" ind2="0" tag="785"><subfield code="t">Dedham patriot (Dedham, Mass. : 1835)</subfield><subfield code="w">(DLC)sn 83020314</subfield></datafield><datafield ind1=" " ind2=" " tag="938"><subfield code="a">Kirtas Technologies, Inc.</subfield><subfield code="b">KRTS</subfield><subfield code="n">736274</subfield></datafield></record>